@standard{hdy2012311,
  title={杭州电子科技大学研究生学位论文格式统一要求},
  year={2012},
  publisher={(杭电研[2012]311号)}
}

@standard{gbt7714-2005,
  title={{GB/T} 7714-2005, 文后参考文献著录规则},
  year={2005},
  address={北京},
  publisher={中国标准出版社}
}

